@misc{simonyan2014deep,
      title={Deep Inside Convolutional Networks: Visualising Image Classification Models and Saliency Maps}, 
      author={Karen Simonyan and Andrea Vedaldi and Andrew Zisserman},
      year={2014},
      eprint={1312.6034},
      archivePrefix={arXiv},
      primaryClass={cs.CV}
}


@misc{shaham2018defending,
      title={Defending against Adversarial Images using Basis Functions Transformations}, 
      author={Uri Shaham and James Garritano and Yutaro Yamada and Ethan Weinberger and Alex Cloninger and Xiuyuan Cheng and Kelly Stanton and Yuval Kluger},
      year={2018},
      eprint={1803.10840},
      archivePrefix={arXiv},
      primaryClass={stat.ML}
}